<?xml version="1.0" encoding="UTF-8"?><collection xmlns="http://www.loc.gov/MARC21/slim"><record><leader>00382nam--2200133-i-4500</leader><controlfield tag="001">000049418</controlfield><controlfield tag="002">20161230</controlfield><controlfield tag="005">20161230201047</controlfield><controlfield tag="008">060222s1000------------r-----000-0-eng-d</controlfield><datafield ind1=" " ind2=" " tag="080"><subfield code="a">54(038)=002=40=20:801.323.2=40=20</subfield></datafield><datafield ind1=" " ind2=" " tag="100"><subfield code="a">Patterson, Augustin M</subfield></datafield><datafield ind1=" " ind2=" " tag="245"><subfield code="a">A french-english dictionary for chemists. 2nd edition</subfield></datafield><datafield ind1=" " ind2=" " tag="260"><subfield code="a">New York, John Wiley, 1954, Xiv+476p</subfield></datafield><datafield ind1=" " ind2=" " tag="852"><subfield code="a">D.106</subfield></datafield></record></collection>